@misc{vandermonde,
  author = "{Wikipedia contributors}",
  title = "Vandermonde matrix --- {Wikipedia}{,} The Free Encyclopedia",
  year = "2020",
  howpublished = "\url{https://en.wikipedia.org/w/index.php?title=Vandermonde_matrix&oldid=980114781}",
  note = "[Online; accessed 29-September-2020]"
}
